@misc{triks,
title = {Sphere Geodesic Problem.},
howpublished = "\url{http://http://campus.mst.edu/physics/courses/409/Problem-Solutions/HW%235/HW5_prob1_sphere_geodesic.pdf}",
year = "Read: 28.03.17"
}
